% Encoding: UTF-8
@book{lamport1994latex,
  title={LATEX: a document preparation system: user's guide and reference manual},
  author={Lamport, Leslie},
  year={1994},
  publisher={Addison-wesley}
}

@article{pritchard1969statistical,
  title={Statistical bibliography or bibliometrics},
  author={Pritchard, Alan and others},
  journal={Journal of documentation},
  volume={25},
  number={4},
  pages={348--349},
  year={1969},
  publisher={New York}
}

@Article{2013浅谈使用,
  author  = {邵殿国 and 尚宝欣},
  journal = {电子制作},
  title   = {浅谈使用 EditPlus 编辑编译 LaTeX 文件},
  year    = {2013},
  volume  = {16},
}


@inproceedings{
物联网技术在智能医疗监护与康复辅助设备中的应用探索,
   Author = {王春平},
   Title = {物联网技术在智能医疗监护与康复辅助设备中的应用探索},
   BookTitle = {第三十八届中国（天津）2024’IT、网络、信息技术、电子、仪器仪表创新学术会议},
   Series= {第三十八届中国（天津）2024’IT、网络、信息技术、电子、仪器仪表创新学术会议},
   Address= {中国天津},
   Pages = {4},
   Abstract = {本文深入探讨了物联网技术在智能医疗监护与康复辅助设备中的应用,并分析了其面临的挑战。通过标准化与互操作性的提升、数据安全与隐私保护措施的加强、技术更新与维护成本的优化以及医护人员技术培训的加强,可以进一步推动物联网技术在智能医疗监护与康复辅助设备中的发展。未来,随着技术的不断创新和融合,物联网技术将在智能医疗监护与康复辅助设备中发挥更加重要的作用,为个性化医疗服务和远程医疗监护提供有力支持。},
   Keywords = {物联网技术;智能医疗监护设备;康复辅助设备;标准化;数据安全互;操作性;隐私保护},
   Year = {2024} }




@article{
基于“5G+AI”技术的远程心电监测系统研究,
   Author = {代文娟 and 冀峰},
   Title = {基于“5G+AI”技术的远程心电监测系统研究},
   Journal = {中国现代医生},
   Volume = {62},
   Number = {07},
   Pages = {94-96},
   Note = {11-5603/R},
   Abstract = {为解决心血管疾病防控的难题，提高心血管疾病预防、诊断及治疗的时效性和精准性，基于5G通信和人工智能技术，搭建一个远程心电监测系统，包括患者心电数据采集和自动识别、医生远程诊疗等功能。此监测系统可远程不间断地实时采集并识别分析患者的心电数据，并将识别结果、结论反馈给医生和患者，为患者及时就医和医生诊疗提供意见和建议。该系统在心脏病患者的管理、突发心脏事件监测和早期心脏疾病筛查等方面具有一定的实用价值。},
   Keywords = {心电监测;5G;人工智能;远程实时监测;自动诊断},
   Year = {2024} }




@article{
基于Wi-Fi的医疗设备物联网采集装置设计,
   Author = {杨罗宽 and 龚敏 and 刘麒麟},
   Title = {基于Wi-Fi的医疗设备物联网采集装置设计},
   Journal = {中国医学装备},
   Volume = {21},
   Number = {07},
   Pages = {182-184},
   Note = {11-5211/TH},
   Abstract = {为解决医疗设备运行数据、故障数据的采集,设计一种基于无线网络Wi-Fi的医疗设备物联网采集装置。该采集装置的设计基于STM32F407的32位微控制器与ESP8266无线模组集成的,通过Wi-Fi进行通讯的物联网数据采集装置。通过该采集装置,在配置波特率后,能够实现通过串口等数据接口读取医疗设备的运行数据,并通过无线模组进行配网,连接到楼层网络无线接入点(AP)后,实现与物联网平台服务器的数据交互,达到对医疗设备的动态管理。装配应用该采集装置,可实现在物联网平台软件对呼吸机、高频电刀、监护仪、血液透析机等设备的数据采集应用,解决无法实现无线通讯的医疗设备的数据通讯问题,在获取通讯协议的前提下,可适配于较多该类型医疗设备的数据采集及数据发送功能,实现医院对该类型医疗设备的动态管理。},
   Keywords = {物联网;通讯协议;数据采集装置;波特率},
   Year = {2024} }




@article{
基于物联网心电图机的心电监测云平台设计与开发,
   Author = {王运权 and 毕讯 and 赵映},
   Title = {基于物联网心电图机的心电监测云平台设计与开发},
   Journal = {中国医疗器械杂志},
   Volume = {48},
   Number = {02},
   Pages = {228-231},
   Note = {31-1319/R},
   Abstract = {该文介绍了基于物联网心电图机的心电监测云平台的设计与开发，它主要由心电采集模块、算法模块、诊断模型对比模块、预警及定位模块和医疗救助系统组成，心电采集模块收集患者的心电信号，在移动终端上实时显示，并通过物联网上传至心电监测云平台，算法模块和诊断模型对比模块对心电图进行标记、处理、分析、诊断，通过物联网将心电图和云平台诊断预警结果推送给患者、120急救中心，指导患者自救、急救平台开启绿色通道及时救治患者，从发病到诊断、处理一步到位，争分夺秒抢救生命。},
   Keywords = {云平台;心电监测;物联网;人工智能},
   Year = {2024} }




@article{
中国心血管健康与疾病报告2022概要,
   Author = {China, The Writing Committee Of},
   Title = {中国心血管健康与疾病报告2022概要},
   Journal = {中国循环杂志},
   Volume = {38},
   Number = {06},
   Pages = {583-612},
   Note = {11-2212/R},
   Abstract = {近30年来，我国的医疗可及性和质量指数进步幅度举世瞩目，位列中等收入国家首位，多项心血管技术已处于世界领先或接近领先水平，我国在解决心血管病（CVD）“救治难”的问题上有了长足的进步。但由于我国居民不健康生活方式流行，有CVD危险因素的人群巨大，人口老龄化加速，我国CVD发病率和死亡率仍在升高，疾病负担下降的拐点尚未出现。在我国城乡居民疾病死亡构成比中，CVD占首位，2020年分别占农村、城市死因的48.00%和45.86%；每5例死亡中就有2例死于CVD。推算我国CVD现患人数3.3亿，其中脑卒中1 300万，冠心病1 139万，心力衰竭890万，肺原性心脏病500万，心房颤动487万，风湿性心脏病250万，先天性心脏病200万，外周动脉疾病4 530万，高血压2.45亿。中国进入了一个由高速发展向高质量发展转变的新阶段，中国的CVD防控事业也要由过去着眼于规模式增长转向更聚焦于战略层面和关键技术层面上的高质量发展，从而遏制CVD发病率和死亡率增长的趋势。},
   Keywords = {心血管病;流行病学;健康影响因素;危险因素;患病率;死亡率;社区防治;康复;基础研究;医疗器械研发},
   Year = {2023} }




@article{
可穿戴心电监测设备的性能评估,
   Author = {周凤 and 定翔 and 张磊},
   Title = {可穿戴心电监测设备的性能评估},
   Journal = {计量科学与技术},
   Volume = {66},
   Number = {05},
   Pages = {37-40},
   Note = {10-1696/TB},
   Abstract = {目前，可穿戴心电监测设备尚缺乏专门的计量技术规范。本文在参考相关传统心电医疗设备的标准及计量方法的基础上，研究了可穿戴心电监测设备的性能评估方法。应用可穿戴设备心电模拟装置，对6款不同厂家型号的可穿戴心电监测设备进行了测量，探索该类设备性能评估的方法。结果表明通过以上途径，能够对可穿戴心电监测设备的主要性能参数准确性进行一定程度的性能评估，实现部分参数的量值溯源。},
   Keywords = {可穿戴设备;心电监测;性能;计量;心电医疗设备},
   Year = {2022} }




@phdthesis{
高性能心电信号测量及应用系统的研制,
   Author = {王业磊},
   Title = {高性能心电信号测量及应用系统的研制},
   School = {安徽医科大学},
   Type = {硕士},
   Abstract = {心血管疾病是造成人类死亡或致残的主要原因之一,全球每年因心血管疾病而死亡的人数占总死亡人数的三分之一,且中国是全球心血管疾病患者人数以及死亡率最高的国家。目前,通过研究心电信号对心血管疾病进行早期预测和诊断是临床上常用的一种方法,心电信号的质量越高,预测和诊断的结果越准确。然而,心电信号的质量高低很大程度上受设备性能的影响,加上现在国内的高端监护市场基本被国外产品垄断。因此,研究设计一款高性能的心电信号测量与应用系统具有十分重要的临床意义与现实意义。本课题的目标是设计一款高性能心电信号测量及应用系统,系统主要由硬件采集、软件处理和上位机显示三大部分组成,可以实现人体心电信号的采集、处理以及实时显示。在系统的硬件电路设计方面,除了常规的采集调理电路外,系统添加了右腿驱动电路、导联屏蔽驱动电路、定标电路、导联脱落检测电路和起搏信号检测电路等。在硬件滤波方面,去除了传统的50Hz硬件滤波电路,对电路进行了优化处理,以更简洁的电路实现相同的功能和性能,在保证信号质量的同时降低了成本。同时在系统输入端电路加入了电压钳位电路和高频电感电路,用于保护系统电路和抑制电外科干扰信号。在系统软件方面,系统添加了50Hz软件滤波算法和心率计算算法,实时对数据进行滤波处理并计算心率值,进一步提高信号的质量。在显示方面,通过VS 2008软件在Windows平台下搭建了一个基于MFC的上位机显示平台,用于实时显示心电波形及心率值。最后,对整个系统的硬件、软件、算法和显示进行了整合测试,系统运行稳定,能够实现预期的所有功能,可以很好实现心电信号的快速采集、处理和实时显示。同时,按照心电相关标准YY1079-2008对系统的性能进行了验证测试,测试结果表明系统的性能满足标准要求。其中,系统噪声和电外科干扰抑制能力两项性能指标优异,测试得到系统噪声约为10μV(标准要求小于30μV即可),电外科干扰后信号完全恢复的时间仅2s(标准要求10s内恢复即可),远远小于标准规定的参数最大值。系统具有一定的实际应用价值。},
   Keywords = {心血管疾病;心电信号;心电采集;标准测试},
   Year = {2021} }




@article{
高强度负荷训练对新入伍战士动态心电图相关指标的影响,
   Author = {王江涛 and 马永娜 and 崔玉娟 and 张莉 and 李俊峡 and 曹雪滨},
   Title = {高强度负荷训练对新入伍战士动态心电图相关指标的影响},
   Journal = {解放军医药杂志},
   Volume = {28},
   Number = {01},
   Pages = {11-14},
   Note = {13-1406/R},
   Abstract = {目的探讨高强度负荷训练对新入伍战士动态心电图的影响,为高强度负荷训练造成的心脏损伤及运动性猝死的防治提供依据。方法随机抽取新入伍战士150例进行3 km军事训练,并于训练前、训练后即刻分别记录动态心电图,比较训练前后24 h平均心率、心律失常发生率、ST-T改变、心率减速力(DC)、心率变异性(HRV)、T波电交替(TWA)、QT离散度(QTd)。结果训练后0.5 h新入伍战士平均心率最高,2～6 h处于稳定状态,随后下降,训练后14 h降至最低,此后逐渐上升至训练前水平。训练后室性早搏和ST-T改变发生率高于训练前(P<0.05)。训练后HRV、QTd较训练前升高,DC较训练前降低(P<0.01)。TWA训练前后比较差异无统计学意义(P>0.05)。结论新入伍战士高强度负荷军事训练后机体交感神经兴奋性明显增强,迷走神经兴奋性降低,心肌细胞电活动不稳定,增加了心肌易损性,各种心律失常发生明显增多。},
   Keywords = {军事人员;运动性心肌损伤;心电描记术;便携式;预警},
   Year = {2016} }




@inproceedings{
I.H.-35,
   Author = {I., Abdelwahab and H., H. Issa and M., Farghaly and H., F. Ragai},
   Title = {Multi-lead ECG using two ZigBee nodes},
   BookTitle = {2015 IEEE International Conference on Electronics, Circuits, and Systems (ICECS)},
   Series= {2015 IEEE International Conference on Electronics, Circuits, and Systems (ICECS)},
   Pages = {21-24},
   Abstract = {This paper presents a methodology for monitoring the heart activity by capturing two ECG leads and sending the captured data to a monitoring unit using ZigBee technology and comparing the results with wired ECG. The received leads are stored and processed to get another four leads.},
   Keywords = {Electrocardiography; Monitoring; Zigbee; Wireless communication; Feature extraction; Time measurement; Electrodes; Multiple leads; ECG; Wireless sensors; ZigBee},
   Year = {2015} }




@book{
心电图实践教程,
   Author = {王国凤程月仙},
   Title = {心电图实践教程 在心电图中学会心电图},
   Publisher = {北京大学医学出版社},
   Year = {2013} }




@book{
一学就会心电图,
   Author = {前田如矢},
   Title = {一学就会心电图 第5版},
   Publisher = {北京：华夏出版社},
   Year = {2010} }

@book{
现代医学电子仪器原理与设计,
  title={现代医学电子仪器原理与设计 (第二版)},
  author={余学飞},
  publisher={现代医学电子仪器原理与设计  （第二版）},
  year={2007},
}

@book{
人体解剖生理学,
  title={人体解剖生理学},
  author={贺伟},
  publisher={人体解剖生理学},
  year={2013},
}

@book{
新概念模拟电路3,
  title        = {新概念模拟电路3——运算放大器的频率特性和滤波器},
  author       = {杨建国},
  year         = {2011},
  publisher    = {电子工业出版社},
}


@phdthesis{
12导联心电信号同步采集系统,
   Author = {崔晓琳},
   Title = {12导联心电信号同步采集系统},
   School = {北京交通大学},
   Type = {硕士},
   Abstract = {心电信号同步采集系统是心电设备的前端功能模块。本文介绍了一种基于C8051F120微控制器的嵌入式心电信号采集系统的设计与实现,该系统是12导联心电信号准同步采集系统。作为一个通用的心电信号采集器,它可以应用于多种心电设备中。另外,当PC机充当心电信号处理模块的角色时,本系统还可以通过USB接口直接和PC机连接,具有一定的独立工作的能力。该系统体积较小,功耗较低,性能良好,外围设备支持丰富而且可扩展性较高。针对系统的实际开发过程,论文将从如下几个部分进行阐述:首先,论文简述了心电图方面的基础知识,包括心电图的产生机理和特征。在心电图的专业术语中,心电图的导联是指记录心电图时电极在人体体表的放置位置和电极与放大器的连接方式。论文给出了由本系统的通道数据获得国际标准12导联数据的换算公式,后端心电数据处理模块通过软件实现这种转换,并据此绘制出心电图。接下来,论文提出了采集系统的硬件设计目标和微控制器选型。详细介绍了两级放大电路的设计原理。一级放大电路将信号放大10倍左右,输出信号经过”去直流”处理后进入二级放大电路放大50倍左右。取自人体体表的微弱心电信号经两级放大后达到500倍左右的放大增益,便于ADC进行采样。论文接着介绍软件方面的设计。本系统任务数目不多,但是前后相关性很强,因此,采用可抢占式任务调度的前/后台系统来实现。将上位机控制命令引发的中断赋予最高的优先级,以迅速响应命令并对采集板作出新的采样参数设置。通过改变ADCO的启动方式实现8通道数据的同步采集。在单片机XDATA区开辟环形缓冲区,采集数据经过处理后存入临时缓冲区等待发送。论文中详细介绍了采集系统的串行接口设计,以及串口软件的设计方法,实现了单片机和上位机之间的心电数据传输。最后,本文详细介绍了适合本系统单片机端实时处理的滤波器设计。基于Hamming窗,采用滤波器级联的方式以简化运算复杂度。根据奈奎斯特定理,首先设计针对200Hz采样频率的工频滤波器,然后对滤波器进行改造以适应本系统的要求。通过反复的研究比较和实验,论文给出了采集系统实时滤波器设计的关键技术和核心算法,并通过仿真验证其可行性。},
   Keywords = {心电信号采集;12导联;C8051F120;实时滤波;串行通信},
   Year = {2008} }




@misc{
KhoBesar-34,
   Author = {Kho, T. K. and Besar, R. and Tan, Y. S. and Tee, K. H. and Ong, K. C. and IEEE},
   Title = {Bluetooth-enabled ECG monitoring system},
   Pages = {495-+},
   Month = {2006-01-01},
   Abstract = {Heart disease continues to be the leading cause of mortality in Malaysia in an era of industrialization, changing lifestyles and dietary habits. The mortality rate reported in government hospitals shows an increase in death due to heart diseases, and this trend is expected to continue into the next decades. Since heart disease is increasingly affecting human lifestyle, rehabilitation and practical devices are being carried out and created in order to reduce the disability from heart diseases.    This paper proposed a wireless patient monitoring system which integrates Bluetooth technology. In this paper, a detailed description of constructing a. 2-lead electrocardiogram (ECG) sensor, transmitting the ECG data acquired from the ECG sensor via the Bluetooth wireless link, and receiving the ECG data at the PC is illustrated. The acquired ECG data is processed, manipulated and constructed as an ECG waveform. Lastly, the ECG waveform is displayed on the personal computer (PC) screen. The results show that implementation of wireless technology in the existing ECG monitoring system eliminates the physical constraints imposed by hard-wired link and allows users to conduct own check up at anytime anywhere.},
   ISBN = {2159-3442},
   Year = {2006} }




@article{
基于USB的12导联同步心电采集系统,
   Author = {李萍刘国忠},
   Title = {基于USB的12导联同步心电采集系统},
   Journal = {仪器仪表学报},
   Number = {S1},
   Pages = {344-346},
   Note = {11-2179/TH},
   Abstract = {提出了基于USB芯片FT245BM、高速四通道12位同步A/D转换芯片AD7864和64管脚8位单片机AT89C51ED2的十二导联同步心电采集系统。此系统以15kHz,采样率同步采集和记录12导联同一心动周期的波形,大大提高了各种参数测量的准确性、标准化,显示出在心脏疾病诊断上的优势。家用PC机通过USB接口采集和记录心电波形,可以及时保存大量的心电信息并方便医务人员对患者进行进一步的诊断或远程医疗,有利于疾病的早发现、早治疗。},
   Keywords = {通用串行总线(USB);十二导联心电图;同步采集},
   Year = {2004} }

@techreport{
   espressif2021esp32c3,
  author       = {Espressif Systems},
  title        = {ESP32-C3 Hardware Design Guidelines},
  year         = {2021},
  version      = {1.7},
  address      = {Shanghai},
  institution  = {Espressif Systems Co., Ltd.},
  howpublished = {[EB/OL]},
  url          = {https://www.espressif.com/documentation},
  urldate      = {2023-10-01} }

@misc{usbtypec24,
  title        = {USB Type-C® Cable and Connector Specification Release 2.4},
  author       = {{USB Implementers Forum}},
  year         = {2024},
  month        = {October},
  url          = {https://usb.org/document-library/usb-type-cr-cable-and-connector-specification-release-24},
  note         = {Accessed: 2025-02-12}}
  
@manual{TP5400,
  title        = {TP5400 数据手册},
  author       = {南京拓微集成电路有限公司},
  year         = {2025},
  url          = {https://www.njsemi.com/upload/product/2025/TP5400.pdf},
  note         = {访问日期: 2025-02-13}
}

@manual{AD620A,
  title        = {AD620A Data Sheet},
  author       = {Analog Devices},
  year         = {2011},
  url          = {https://www.analog.com/media/en/technical-documentation/data-sheets/ad620.pdf},
  note         = {Accessed: 2025-02-14}
}


@datasheet{SY8088,
  title        = {SY8088 2A High-Efficiency Synchronous Step-Down Regulator},
  author       = {Silergy Corp},
  year         = {2016},
  institution  = {Silergy Corporation},
  howpublished = {[EB/OL]},
  url          = {https://www.silergy.com/},
  urldate      = {2023-12-01}
}

@manual{
   FPC天线,
  title        = {IPEX-1转接头规格书},
  author       = {成都致哲科技有限公司},
  year         = {2019},
  institution  = {ChengduZiisorTechnology Corporation},
  howpublished = {[EB/OL]}
}

@manual{AN91445,
  title        = {天线设计和射频布局指南},
  author       = {Tapan Pattnayak and Guhapriyan Thanikachalam},
  organization = {赛普拉斯半导体公司},
  year         = {2015},
  url          = {https://www.infineon.com/dgdl/Infineon-AN91445_Antenna_Design_and_RF_Layout_Guidelines-ApplicationNotes-v09_00-CN.pdf?fileId=8ac78c8c7cdc391c017d073ded61621b},
  note         = {访问日期: 2025-02-15}
}


@Comment{jabref-meta: databaseType:bibtex;}
